@manual{pkg_mlr,
    author = {Bernd Bischl and Michel Lang and Jakob Richter},
    title = {{mlr}: Machine {L}earning in {R}},
    howpublished = {\url{http://cran.r-project.org/web/packages/mlr}},
    year = {2014}
}

@manual{pkg_batchjobs,
    author = {Bernd Bischl and Michel Lang and Olaf Mersmann},
    title = {{BatchJobs}: Batch computing with {R}},
    howpublished = {\url{http://cran.r-project.org/web/packages/BatchJobs/}},
    year = {2014}
}


@manual{pkg_parallelMap,
    author = {Bernd Bischl and Michel Lang},
    title = {Unified interface to some popular parallelization back-ends for interactive usage and package development},
    howpublished = {\url{http://cran.r-project.org/web/packages/parallelMap}},
    year = {2014}
}

@manual{pkg_parallel,
    title = {R: A Language and Environment for Statistical Computing},
    author = {{R Core Team}},
    organization = {R Foundation for Statistical Computing},
    address = {Vienna, Austria},
    year = {2014},
    url = {http://www.R-project.org/},
}
